% Encoding: UTF-8

@PhdThesis{franco2005a,
  author = {Fernando de Mello Franco},
  title  = {A constru{\c{c}}{\~a}o do caminho: a estrutura{\c{c}}{\~a}o da metr{\'o}pole pela conforma{\c{c}}{\~a}o t{\'e}cnica das v{\'a}rzeas e plan{\'\i}cies fluviais da bacia de S{\~a}o Paulo},
  school = {Faculdade de Arquitetura e Urbanismo, Universidade de S{\~a}o Paulo},
  year   = {2005},
  url    = {http://www.metropolefluvial.fau.usp.br/downloads/projetos/GMF_pesquisa-dr_franco.pdf},
}

@PhdThesis{monteiro2010a,
  author = {Peter Ribon Monteiro},
  title  = {S{\~a}o Paulo no centro das marginais: a imagem paulistana refletida nos Rios Pinheiros e Tiet{\^e}},
  school = {Faculdade de Arquitetura e Urbanismo, Universidade de S{\~a}o Paulo},
  year   = {2010},
  url    = {http://www.teses.usp.br/teses/disponiveis/16/16134/tde-17062010-152626/pt-br.php},
}

@Book{francca2000a,
  title     = {Guarapiranga: recupera{\c{c}}{\~a}o urbana e ambiental no munic{\'\i}pio de S{\~a}o Paulo},
  publisher = {M. Carrilho Arquitetos},
  year      = {2000},
  author    = {Fran{\c{c}}a, Elisabete and Junior, Angelo Salvador Filardo},
  isbn      = {85-87681-01-X},
  pagetotal = {256},
}

@PhdThesis{brocaneli2007a,
  author = {P{\'e}rola Felipette Brocaneli},
  title  = {O ressurgimento das {\'a}guas na paisagem paulistana: fator fundamental para a cidade sustent{\'a}vel},
  school = {Faculdade de Arquitetura e Urbanismo, Universidade de S{\~a}o Paulo},
  year   = {2007},
  url    = {http://www.teses.usp.br/teses/disponiveis/16/16135/tde-25052010-153625/pt-br.php},
}

@MastersThesis{requena2016a,
  author = {Carlos Alberto Reque{\~n}a},
  title  = {Linha 10 turquesa da CPTM: a dif{\'\i}cil transforma{\c{c}}{\~a}o de uma ferrovia de cargas para o transporte de passageiros},
  school = {Faculdade de Arquitetura e Urbanismo da Universidade Presbiteriana Mackenzie},
  year   = {2016},
  url    = {http://tede.mackenzie.br/jspui/handle/tede/2883},
}

@PhdThesis{nobre2000a,
  author = {Nobre, Eduardo Alberto Cusce},
  title  = {Reestrutura{\c{c}}{\~a}o econ{\^o}mica e territ{\'o}rio: expans{\~a}o recente do terci{\'a}rio na marginal do rio Pinheiros.},
  school = {Faculdade de Arquitetura e Urbanismo, Universidade de S{\~a}o Paulo},
  year   = {2000},
  url    = {http://www.teses.usp.br/teses/disponiveis/16/16131/tde-15042002-164007/pt-br.php},
}

@Misc{ottoni1997a,
  author  = {D{\'a}cio Ottoni and Maria Irene Szmrecs{\'a}nyi},
  title   = {Cidades jardins: a busca do equil{\'\i}brio social e ambiental 1898-1998},
  year    = {1997},
  address = {S{\~a}o Paulo},
  journal = {Funda{\c{c}}{\~a}o Bienal de S{\~a}o Paulo/FAUUSP},
}

@Book{langenbuch1971a,
  title     = {A Estruturação da Grande São Paulo},
  publisher = {IBGE},
  year      = {1971},
  author    = {Juergen Richard Langenbuch},
  address   = {Rio de Janeiro},
}

@TechReport{gegran1970a,
  author   = {ASPLAN and GPI and SEP and SERFHAU and GEGRAN and NEVES \& PAOLIELLO},
  title    = {PMDI -- GSP: Plano Metropolitano de Desenvolvimento Integrado da Grande São Paulo.},
  year     = {1970},
  address  = {São Paulo},
  note     = {Número de chamada: G.22 22.02 01.08},
  abstract = {A atividade de planejamento na Grande São Paulo começa a se desenvolver na década de 1970 quando seus problemas ultrapassam a área de ação das administrações locais, exigindo um tratamento global e integrado. O planejamento até então, restringia-se à elaboração de planos locais, quando os municípios representavam unidades comunais física e politicamente bem identificadas. Nesse período, um dos grandes problemas na Grande São Paulo, bem como nas demais áreas metropolitanas do mundo era o da organização administrativa. Coube ao Governo do Estado a iniciativa de solucionar esse problema, ou seja, criar uma entidade metropolitana, dentro das normas constitucionais, como órgão da administração estadual, sem ferir a autonomia dos municípios. Esse é o propósito do PMDI, que resultou de quatro anos de estudos desenvolvidos pelo Grupo Executivo da Grande São Paulo – Gegran, com o objetivo de orientar os empreendimentos governamentais na Região da Grande São Paulo.},
  url      = {https://bibliotecavirtual.emplasa.sp.gov.br/CatalogoGegran.aspx},
}

@MastersThesis{mentone2015a,
  author = {Mentone, Renato Lagos},
  title  = {Plano metropolitano de desenvolvimento integrado da Grande S{\~a}o Paulo/PMDI-GSP, 1970. Da expectativa ao desconhecimento},
  school = {Faculdade de Arquitetura e Urbanismo, Universidade de S{\~a}o Paulo},
  year   = {2015},
  url    = {http://www.teses.usp.br/teses/disponiveis/16/16139/tde-07032016-160446/pt-br.php},
}

@MastersThesis{leitao2014a,
  author  = {Alexandre Leitão Santos},
  title   = {{Paisagem útil:o Rio Tietê e a urbanização paulistana (1966--1986)}},
  school  = {Instituto de Arquitetura e Urbanismo, Universidade de S{\~a}o Paulo},
  year    = {2014},
  address = {São Carlos},
  url     = {http://www.teses.usp.br/teses/disponiveis/102/102132/tde-20012015-093731/pt-br.php},
}

@Comment{jabref-meta: databaseType:bibtex;}
